<?xml version="1.0" encoding="UTF-8"?><collection xmlns="http://www.loc.gov/MARC21/slim"><record><leader>00325nam--2200121-i-4500</leader><controlfield tag="001">000022043</controlfield><controlfield tag="002">20161230</controlfield><controlfield tag="005">20161230201034</controlfield><controlfield tag="008">060222s1000------------r-----000-0-eng-d</controlfield><datafield ind1=" " ind2=" " tag="245"><subfield code="a">The initial effects of ionizing radiations on cells</subfield></datafield><datafield ind1=" " ind2=" " tag="260"><subfield code="a">London, Academic Press, 1961. Xii + 367p</subfield></datafield><datafield ind1=" " ind2=" " tag="700"><subfield code="a">R.G.C.Harris</subfield></datafield><datafield ind1=" " ind2=" " tag="852"><subfield code="a">17625</subfield></datafield></record></collection>